@article{bertsekas2005survey,
  title={Dynamic programming and suboptimal control: A survey from {ADP} to {MPC}},
  author={Bertsekas, Dimitri P},
  journal={European Journal of Control},
  volume={11},
  number={4},
  pages={310--334},
  year={2005},
  publisher={Elsevier}
}

@book{powell2011approximate,
  title={Approximate Dynamic Programming: Solving the curses of dimensionality},
  author={Powell, Warren B.},
  edition={Second},
  year=2011,
  publisher={John Wiley \& Sons}
}

@book{bertsekas2005dynamic,
  title={Dynamic programming and optimal control},
  author={Bertsekas, Dimitri P},
  volume={1},
  edition={Third},
  year={2005},
  publisher={Athena Scientific Belmont, MA}
}

@book{bertsekas2012dynamic,
  title={Dynamic programming and optimal control: Approximate Dynamic Programming},
  author={Bertsekas, Dimitri P},
  volume={2},
  edition={Fourth},
  year={2012},
  publisher={Athena Scientific Belmont, MA}
}

@book{talluri2006theory,
  title={The theory and practice of revenue management},
  author={Talluri, Kalyan T and van Ryzin, Garrett J},
  volume=68,
  year=2006,
  publisher={Springer Science \& Business Media}
}

@techreport{bertsimas2001dynamic,
  title={Dynamic pricing: A learning approach},
  author={Bertsimas, Dimitris J and Perakis, Georgia},
  year={2001},
  institution={Massachusetts Institute of Technology, Operations Research Center}
}

@article{bitran1998coordinating,
  title={Coordinating clearance markdown sales of seasonal products in retail chains},
  author={Bitran, Gabriel and Caldentey, Rene and Mondschein, Susana},
  journal={Operations research},
  volume={46},
  number={5},
  pages={609--624},
  year={1998},
  publisher={INFORMS}
}

@article{smith1992yield,
  title={Yield management at {American Airlines}},
  author={Smith, Barry C and Leimkuhler, John F and Darrow, Ross M},
  journal={Interfaces},
  volume=22,
  number=1,
  pages={8--31},
  year=1992,
  publisher={INFORMS}
}

@incollection{aviv2012dynamic,
  title={Dynamic list pricing},
  author={Aviv, Yossi and Vulcano, Gustavo},
  booktitle={The Oxford handbook of pricing management},
  year={2012},
  publisher={Oxford University Press},
  editor={{\"O}zer, {\"O}zalp and Phillips, Robert}
}

@article{gallego1994optimal,
  title={Optimal dynamic pricing of inventories with stochastic demand over finite horizons},
  author={Gallego, Guillermo and Van Ryzin, Garrett},
  journal={Management science},
  volume={40},
  number={8},
  pages={999--1020},
  year={1994},
  publisher={INFORMS}
}

@article{farmer2017uncertainty,
  title={Uncertainty quantification and optimal decisions},
  author={Farmer, C. L.},
  journal={Proc. R. Soc. A},
  volume={473},
  pages={20170115},
  year={2017},
  organization={The Royal Society}
}
